<?xml version="1.0" encoding="UTF-8"?><record xmlns="http://www.loc.gov/MARC21/slim" xmlns:cinclude="http://apache.org/cocoon/include/1.0" xmlns:zs="http://www.loc.gov/zing/srw/">
  <leader>00496nz  a2200133n  4500</leader>
  <controlfield tag="001">no2002085483</controlfield>
  <controlfield tag="003">DLC</controlfield>
  <controlfield tag="005">20020919061455.0</controlfield>
  <controlfield tag="008">020918n| acannaabn          |n aaa     c</controlfield>
  <datafield tag="010" ind1=" " ind2=" ">
    <subfield code="a">no2002085483</subfield>
  </datafield>
  <datafield tag="035" ind1=" " ind2=" ">
    <subfield code="a">(OCoLC)oca05866003</subfield>
  </datafield>
  <datafield tag="040" ind1=" " ind2=" ">
    <subfield code="a">NBuU</subfield>
    <subfield code="b">eng</subfield>
    <subfield code="c">NBuU</subfield>
  </datafield>
  <datafield tag="100" ind1="1" ind2=" ">
    <subfield code="a">Simonson, James M.</subfield>
  </datafield>
  <datafield tag="670" ind1=" " ind2=" ">
    <subfield code="a">The drug-free communities support program, 2001:</subfield>
    <subfield code="b">caption (James M. Simonson) p. 2 (program manager, Drug-Free Communities Support Program, U.S. Office of Juvenile Justice and Delinquency Prevention)</subfield>
  </datafield>
</record>